% 
%            ,,                                        
%          `7MM            _.o9                                
%            MM                                             
%  ,6"Yb.    MM  ,p6"bo   ,6"Yb.  M"""MMV  ,6"Yb.  `7Mb,od8 
% 8)   MM    MM 6M'  OO  8)   MM  '  AMV  8)   MM    MM' "' 
%  ,pm9MM    MM 8M        ,pm9MM    AMV    ,pm9MM    MM     
% 8M   MM    MM YM.    , 8M   MM   AMV  , 8M   MM    MM     
% `Moo9^Yo..JMML.YMbmd'  `Moo9^Yo.AMMmmmM `Moo9^Yo..JMML.   
% 
% 
% Free and Open-Source template for academic works
% https://github.com/dpmj/alcazar


% This document includes various examples of cites.

%%%%%%%%%%%%%%%%%%%%%%%%%%%%%%%%%%%%%%%%%%%%%%%%%%%
% DOCUMENTATION

@article{lecun2015deep,
    title   = {Deep Learning},
    author  = {LeCun, Y. and Bengio, Y. and Hinton, G.},
    journal = {Nature},
    volume  = {521},
    number  = {7553},
    pages   = {436-444},
    year    = {2015}
}

@article{senior2020improved,
    title   = {Improved protein structure prediction using potentials from deep learning},
    author = {Senior, A. W. and et al.},
    journal = {Nature},
    volume  = {577},
    number  = {7792},
    pages   = {706-710},
    year    = {2020}
}


@article{angermueller2016deep,
    title   = {Deep learning for computational biology},
    author  = {Angermueller, C. and P{\"a}rnamaa, T. and Parts, L. and Stegle, O.},
    journal = {Molecular Systems Biology},
    volume  = {12},
    number  = {7},
    pages   = {878},
    year    = {2016}
}

@article{ching2018deep,
    title   = {Opportunities and obstacles for deep learning in biology and medicine},
    author  = {Ching, T. and Himmelstein, D. S. and Beaulieu-Jones, B. K. and Kalinin, A. A. and Do, B. T. and Way, G. P. and et al.},
    journal = {Journal of The Royal Society Interface},
    volume  = {15},
    number  = {141},
    pages   = {20170387},
    year    = {2018}
}

@article{min2017deep,
    title   = {Deep learning in bioinformatics},
    author  = {Min, S. and Lee, B. and Yoon, S.},
    journal = {Briefings in Bioinformatics},
    volume  = {18},
    number  = {5},
    pages   = {851-869},
    year    = {2017}
}

@manual{desimone,
    title       = {Chimeric Reads Detection: from Alignment to Machine Learning-based approaches},
    author      = {{De Simone, E., Zaccagnino R.}},
    year        = {2023}
}

@manual{cirillo,
    title       = {A leap forward in using Machine Learning for the Identification of Chimeric RNAs},
    author      = {{Cirillo, A., Zaccagnino R.}},
    year        = {2023}
}

@manual{devops_1,
    title       = {DevOps: A Software Architect's Perspective},
    author      = {{Bass, L., Weber, I., Zhu, L., IEEE Software}},
    year        = {2020}
}

@manual{fusim,
    title       = {FUSIM: a software tool for simulating fusion transcripts},
    author      = {{Bruno, A.E., Miecznikowski, J.C., Qin, M. et al.}},
    year        = {2013}
}

@manual{devops_2,
    title       = {Continuous Delivery: Huge Benefits, but Challenges Too},
    author      = {{Humble, J., Farley, D., IEEE Software}},
    year        = {2010}
}

@manual{kubeless_gf,
    title       = {Fork della repository GitHub originale di GeneFusion},
    note        = {\url{https://github.com/antoniogrv/kubeless-gf}}
}

@manual{kube_gf,
    title       = {Repository GitHub di GeneFusion a microservizi},
    note        = {\url{https://github.com/antoniogrv/kube-gf}}
}

@manual{gt,
    title       = {GenomeTools},
    note        = {\url{https://genometools.org/}}
}

@manual{phoenix,
    title       = {The Phoenix Project: A Novel About IT, DevOps, and Helping Your Business Win},
    author      = {{Kim, G., Behr, K., Spafford, G.}},
    year        = {2013}
}

@manual{adv_ml_1,
    title       = {Adversarial machine learning: A review},
    author      = {{Huang, Y., et al., International Journal of Machine Learning and Cybernetics}},
    year        = {2020}
}

@manual{adv_ml_2,
    title       = {Wild patterns: Ten years after the rise of adversarial machine learning},
    author      = {{Biggio, B., Roli, F., Pattern Recognition}},
    year        = {2018}
}

@manual{mlops,
    title       = {MLOps: Continuous delivery and automation pipelines in machine learning},
    author      = {{Smith, J., Brown, A., O'Reily}},
    year        = {2018}
}

@manual{ray,
    title       = {Ray},
    note        = {\url{https://www.ray.io/}}
}

@manual{mlflow,
    title       = {MLFlow},
    note        = {\url{https://mlflow.org/}}
}

@manual{kubeflow,
    title       = {Kubeflow},
    note        = {\url{https://www.kubeflow.org/}}
}

@manual{ESP32_PROGRAMMING,
    title       = {{ESP-IDF} documentation/programming guide.},
    author      = {{Espressif Systems Co. Ltd.}},
    year        = {2022},
    note        = {\url{https://docs.espressif.com/projects/esp-idf/en/latest/esp32/} Accessed: February 2022}
}

@misc{github_LVGL,
    title           = {{The LVGL (Light and Versatile Graphics Library) repository}},
    author          = {@lvgl (LVGL group)},
    note            = {\url{https://github.com/Bodmer/TFT_eSPI} Accessed: March 2022}
}

@misc{github_celestial,
    title           = {Celestial {Altium} library repository},
    author          = {@issus},
    note            = {\url{https://github.com/issus/altium-library} Accessed: April 2022}
}

@misc{esp32_devkit_reference_design,
    title           = {{ESP32-DevKitC-V4 Reference Design r2.1}},
    author          = {{Espressif Systems Co. Ltd.}},
    note            = {\url{https://www.espressif.com/sites/default/files/documentation/esp32-devkitc-v4_reference_design.zip}  Accessed: April 2022}
}



%%%%%%%%%%%%%%%%%%%%%%%%%%%%%%%%%%%%%%%%%%%%%%
% USER'S MANUALS

@manual{HAMEG_USER_MANUAL,
    title       = {{HAMEG HMO1022/HMO1024 mixed-signal digital oscilloscope user's manual}},
    author      = {{HAMEG Instruments GmbH}},
    year        = {},
    note        = {\url{https://cdn.rohde-schwarz.com/hameg-archive/HAMEG_DB_EN_HMO1022_1024.pdf} Accessed: July 2021}
}


